<?xml version="1.0" encoding="UTF-8"?><collection xmlns="http://www.loc.gov/MARC21/slim"><record><leader>00379nam--2200133-i-4500</leader><controlfield tag="001">000014431</controlfield><controlfield tag="002">20161230</controlfield><controlfield tag="005">20161230201030</controlfield><controlfield tag="008">060222s1000------------r-----000-0-eng-d</controlfield><datafield ind1=" " ind2=" " tag="080"><subfield code="a">54(076)</subfield></datafield><datafield ind1=" " ind2=" " tag="245"><subfield code="a">Chimie:experiente si principii.manual de labor ator</subfield></datafield><datafield ind1=" " ind2=" " tag="260"><subfield code="a">Bucuresti, Editura Stiintifica Si Enciclopedic A, 1983. 181 P</subfield></datafield><datafield ind1=" " ind2=" " tag="700"><subfield code="a">Davis, Joseph E./S.A.</subfield></datafield><datafield ind1=" " ind2=" " tag="852"><subfield code="a">70934</subfield></datafield></record></collection>